@article{Mesnard2024GemmaOM,
  title={Gemma: Open Models Based on Gemini Research and Technology},
  author={Gemma Team Thomas Mesnard and Cassidy Hardin and Robert Dadashi and Surya Bhupatiraju and Shreya Pathak and L. Sifre and Morgane Rivi{\`e}re and Mihir Kale and J Christopher Love and Pouya Dehghani Tafti and L'eonard Hussenot and Aakanksha Chowdhery and Adam Roberts and Aditya Barua and Alex Botev and Alex Castro-Ros and Ambrose Slone and Am'elie H'eliou and Andrea Tacchetti and Anna Bulanova and Antonia Paterson and Beth Tsai and Bobak Shahriari and Charline Le Lan and Christopher A. Choquette-Choo and Cl{\'e}-ment Crepy and Daniel Cer and Daphne Ippolito and David Reid and Elena Buchatskaya and Eric Ni and Eric Noland and Geng Yan and George Tucker and George-Christian Muraru and Grigory Rozhdestvenskiy and Henryk Michalewski and Ian Tenney and Ivan Grishchenko and Jacob Austin and James Keeling and Jane Labanowski and Jean-Baptiste Lespiau and Jeff Stanway and Jenny Brennan and Jeremy Chen and Johan Ferret and Justin Chiu and Justin Mao-Jones and Kather-ine Lee and Kathy Yu and Katie Millican and Lars Lowe Sjoesund and Lisa Lee and Lucas Dixon and Machel Reid and Maciej Miku≈Ça and Mateo Wirth and Michael Sharman and Nikolai Chinaev and Nithum Thain and Olivier Bachem and Os-car Chang and Oscar Wahltinez and Paige Bailey and Paul Michel and Petko Yotov and Pier Giuseppe Sessa and Rahma Chaabouni and Ramona Comanescu and Reena Jana and Rohan Anil and Ross McIlroy and Ruibo Liu and Ryan Mullins and Samuel L. Smith and Sebastian Borgeaud and Sertan Girgin and Sholto Douglas and Shree Pandya and Siamak Shakeri and Soham De and Ted Klimenko and Tom Hennigan and Vladimir Feinberg and Wojciech Stokowiec and Yu-hui Chen and Zafarali Ahmed and Zhitao Gong and Tris Warkentin and Ludovic Peran and Minh Giang and Cl{\'e}ment Farabet and Oriol Vinyals and Jeffrey Dean and Koray Kavukcuoglu and Demis Hassabis and Zoubin Ghahramani and Douglas Eck and Joelle Barral and Fernando Pereira and Eli Collins and Armand Joulin and Noah Fiedel and Evan Senter and Alek Andreev and Kathleen Kenealy},
  journal={ArXiv},
  year={2024},
  volume={abs/2403.08295},
  url={https://api.semanticscholar.org/CorpusID:268379206}
}

@article{Kumar2024PERSONALFM,
  title={PERSONAL FINANCE MANAGER WITH PREDICTIVE ANALYTICS USING LSTM FOR ENHANCED FINANCIAL DECISION MAKING},
  author={Jatin Kumar and Anurag Vishwakarma and Nikita Sainy and Arun Kumar and Ruchika Aggarwal},
  journal={International Journal of Research -GRANTHAALAYAH},
  year={2024},
  url={https://api.semanticscholar.org/CorpusID:278189283}
}

@article{Yan2017FinancialTS,
  title={Financial Time Series Prediction Based on Deep Learning},
  author={Hongju Yan and Hongbing Ouyang},
  journal={Wireless Personal Communications},
  year={2017},
  volume={102},
  pages={683 - 700},
  url={https://api.semanticscholar.org/CorpusID:52155329}
}

@article{KumarBansal2024BoostingAD,
  title={Boosting Anomaly Detection in Financial Transactions: Leveraging Deep Learning with Isolation Forest for Enhanced Accuracy},
  author={Prateek Kumar Bansal and Divya Nimma and Nripendra Narayan Das and Bvn Prasad Paruchuri and Harishchander Anandaram and M. Karthik},
  journal={2024 International Conference on Artificial Intelligence and Quantum Computation-Based Sensor Application (ICAIQSA)},
  year={2024},
  pages={1-6},
  url={https://api.semanticscholar.org/CorpusID:276509274}
}

@misc{geeksforgeeks2024gemma,
  author       = {{Geeks for Geeks}},
  title        = {What is Gemma AI: Key Features and Benefits},
  year         = {2024},
  url          = {https://www.geeksforgeeks.org/what-is-gemma/#benefits-of-using-google-gemma},
  note         = {Accessed: 2025-05-14}
}

@misc{huggingfaceGemma2b,
  author       = {{Hugging Face}},
  title        = {gemma-2-2b Files and Versions},
  year         = {2025},
  url          = {https://huggingface.co/google/gemma-2-2b/tree/main},
  note         = {Accessed: 2025-05-14}
}